@book{radway:romance,
    author = {Radway, Janice A.},
    title = {Reading the Romance},
    subtitle = {Women, Patriarchy, and Popular Literature},
    address = {Chapel Hill},
    publisher = {University of North Carolina Press},
    year = {1984},
    annotation = {Read this book or else.}
}

@article{mufti:orientalism,
    Author = {Mufti, Aamir R.},
    Issue = {Spring},
    Journal = {Critical Inquiry},
    Keywords = {online},
    Pages = {458--93},
    Title = {Orientalism and the Institution of World Literatures},
    Volume = {36},
    Year = {2010},
    number = {3},
    url = {http://www.jstor.org/stable/10.1086/653408}
}

@book{lepenies:between,
    address = {Cambridge},
    title = {Between Literature and Science: The Rise of Sociology},
    shorttitle = {Between Literature and Science},
    publisher = {Cambridge University Press},
    author = {Lepenies, Wolf},
    translator = {Hollingdale, R. J.},
    year = {1988},
    keyword = {supplemental} 
}

